@book{machin2007,
  title = {Medical Statistics},
  author = {David Machin and Michael J Campbell and Stephen J Walters},
  year = {2007},
  publisher = {John Wiley},
  isbn = {978-0-470-02519-2}
}

@book{bland2015,
  title = {An Introduction to medical statistics},
  author = {Martin Bland},
  year = {2015},
  publisher = {John Wiley},
  isbn = {978-0-19-958992-0}
}

@book{podstawy1996,
  title = {Podstawy epidemiologii},
  author = {Robert Beaglehole and Ruth Bonita and Tord Kjellstrom},
  year = {1996},
  publisher = {Instytut Medycyny Pracy}
}

