*Fear of COVID-19, psychological distress, work satisfaction and turnover 
intention among frontline nurses*
https://onlinelibrary.wiley.com/doi/full/10.1111/jonm.13168
